<record><leader>00000cas a22000007a 4500</leader><controlfield tag="001">19892740</controlfield><controlfield tag="008">890619d19061915gauwr ne      0    0eng d</controlfield><datafield ind1=" " ind2=" " tag="010"><subfield code="a">sn 89053459 </subfield></datafield><datafield ind1=" " ind2=" " tag="040"><subfield code="a">NLG</subfield><subfield code="b">eng</subfield><subfield code="c">NLG</subfield><subfield code="d">GUA</subfield><subfield code="d">OCLCQ</subfield></datafield><datafield ind1=" " ind2=" " tag="042"><subfield code="a">msc</subfield></datafield><datafield ind1=" " ind2=" " tag="043"><subfield code="a">n-us-ga</subfield></datafield><datafield ind1="0" ind2="4" tag="245"><subfield code="a">The Newnan news.</subfield></datafield><datafield ind1=" " ind2=" " tag="260"><subfield code="a">Newnan, Ga. :</subfield><subfield code="b">J.T. Fain,</subfield><subfield code="c">1906-</subfield></datafield><datafield ind1=" " ind2=" " tag="300"><subfield code="a">v.</subfield></datafield><datafield ind1=" " ind2=" " tag="310"><subfield code="a">Weekly</subfield></datafield><datafield ind1="0" ind2=" " tag="362"><subfield code="a">Vol. 6, no. 43 (Feb. 2, 1906)-</subfield></datafield><datafield ind1="1" ind2=" " tag="362"><subfield code="a">Ceased with Jan. 21, 1915 issue.</subfield></datafield><datafield ind1=" " ind2=" " tag="530"><subfield code="a">Also on microfilm: Athens, Ga. : University of Georgia Libraries.</subfield></datafield><datafield ind1=" " ind2=" " tag="580"><subfield code="a">Merged with: Newnan herald &amp; advertiser, to form: Newnan herald (Newnan, Ga. : 1915).</subfield></datafield><datafield ind1=" " ind2=" " tag="752"><subfield code="a">United States</subfield><subfield code="b">Georgia</subfield><subfield code="c">Coweta</subfield><subfield code="d">Newnan.</subfield></datafield><datafield ind1="0" ind2="0" tag="780"><subfield code="t">Newnan weekly news</subfield><subfield code="w">(DLC)sn 89053458</subfield><subfield code="w">(OCoLC)19892697</subfield></datafield><datafield ind1="1" ind2="7" tag="785"><subfield code="t">Newnan herald &amp; advertiser</subfield><subfield code="w">(DLC)sn 89053457</subfield><subfield code="w">(OCoLC)19892622</subfield></datafield><datafield ind1="1" ind2="7" tag="785"><subfield code="t">Newnan herald (Newnan, Ga. : 1915)</subfield><subfield code="w">(DLC)sn 89053461</subfield><subfield code="w">(OCoLC)19892857</subfield></datafield><datafield ind1="1" ind2=" " tag="029"><subfield code="a">AU@</subfield><subfield code="b">000040998021</subfield></datafield></record>